@book{comer1998,
title={Interligação em rede com TCP/IP : princípios, protocolos e arquitetura},
author={Comer, Douglas E.},
year={1998},
publisher={Campus}
}

@book{kurose2010redes,
  title={Redes de computadores e a internet: uma abordagem top-down},
  author={Kurose, J.F. and Ross, K.W.},
  isbn={9788588639973},
  year={2010},
  publisher={Pearson}
}

@book{stallings2002arquitetura,
  title={Arquitetura e organiza{\c{c}}{\~a}o de computadores: projeto para o desempenho},
  author={Stallings, W.},
  isbn={9788587918536},
  year={2002},
  publisher={Pearson Prentice Hall}
}

@book{danesh1999dominando,
  title={Dominando o Linux: a b{\'\i}blia},
  author={Danesh, A. and Tortello, J.E.N.},
  isbn={9788534610674},
  year={1999},
  publisher={Makron Books}
}

@book{tanenbaum2010sistemas,
  title={Sistemas operacionais modernos},
  author={Tanenbaum, A.S.},
  isbn={9788576052371},
  year={2010},
  publisher={Prentice-Hall do Brasil}
}

@book{pratestcp,
  title={TCP/IP - Guia de Consulta R{\'a}pida},
  author={PRATES, R. and PALMA, L.},
  isbn={9788585184728},
  publisher={NOVATEC},
  year={2000}
}

@online{raspberrypi.org,
  organization = {Raspberry PI Foundation},
  title = "WHAT IS A RASPBERRY PI?",
  month = "March",
  year = "2015",
  url = {http://www.raspberrypi.org/help/what-is-a-raspberry-pi/},
  urlaccessdate ={25-03-2015}
}

@book{eben2013raspberry,
  title={Raspberry Pi -- Manual do Usu{\'a}rio},
  author={Eben Upton and Gareth Halfacree and PASCHOA, C.R.},
  isbn={9788575223512},
  year={2013},
  publisher={NOVATEC}
}

@book{ferreira2008linux,
  title={Linux Guia do Administrador do Sistema - 2{\textordfeminine} Edi{\c{c}}{\~a}o: },
  author={Ferreira, R.E.},
  isbn={9788575221778},
  year={2008},
  publisher={NOVATEC}
}

@book{forouzancomunicacao,
  title={Comunica{\c{c}}{\~a}o de Dados e Redes de Computadores},
  author={Forouzan, B.A.},
  isbn={9788563308474},
  year={2008},
  publisher={McGraw Hill Brasil}
}

@book{richards2007linux,
  title={Linux Thin Client Networks Design and Deployment},
  author={Richards, D.},
  isbn={9781847192059},
  series={From technologies to solutions},
  year={2007},
  publisher={Packt Publishing}
}

@book{lampe2012green,
  title={Green-IT, Virtualisierung und Thin Clients: Mit neuen IT-Technologien Energieeffizienz erreichen, die Umwelt schonen und Kosten sparen},
  author={Lampe, F.},
  isbn={9783834826244},
  year={2012},
  publisher={Vieweg+Teubner Verlag}
}

@book{morimotoservidores,
  title={SERVIDORES LINUX - GUIA PRATICO},
  author={MORIMOTO, C.E.},
  isbn={9788599593134},
  year={2013},
  publisher={SULINA}
}

@online{thinclientbrasil,
organization = {Thin Client Brasil},
title = {O que é thin client?},
url = {http://www.thinclientbrasil.com/thin-client.php},
year = {2015},
urlaccessdate ={18-05-2015}
}


@online{drbl,
organization = {SourceForge.net},
title = {About DRBL},
url = {http://drbl.org/},
year = {1999},
urlaccessdate ={20-05-2015}
}

@online{ltsp,
organization = {LTSP.org},
title = {Introduction to LTSP},
url = {http://www.ltsp.org/},
year = {2014},
urlaccessdate ={20-05-2015}
}


@MastersThesis{piaui,
author = {Clístenes Pereira de Sousa Faria},
title = {Thin Clients: Soluções, Implementação e Desempenho},
school = {UNIVERSIDADE FEDERAL DO PIAUÍ - UFPI},
url={http://www.ufpi.br/subsiteFiles/eml/arquivos/files/tcc/clistenes.pdf},
year = {2009}
}


@online{Frank.drbl,
author = {Frank Tuzi},
title = {DRBL: A quick and easy thin client server},
url = {http://archive09.linux.com/feature/57273},
year = {2006},
urlaccessdate ={25-05-2015}
}

@online{Thinstationl,
organization = {Thinstation},
title = {FAQ},
url = {https://github.com/Thinstation/thinstation/wiki/FAQ},
year = {2014},
urlaccessdate ={26-05-2015}
}

@online{ClubeHardware,
author = {Carlos Morimoto},
title = {A revolução do Raspberry Pi},
url = {http://www.hardware.com.br/artigos/raspberrypi/},
year = {2012},
urlaccessdate ={28-05-2015}
}

@online{Werner.Raspberry,
author = {Werner Hein},
title = {Raspberry Pi aplicado a projetos do mundo real},
url = {http://www.linuxnewmedia.com.br/images/uploads/pdf_aberto/LM_100_60_65_06_tut_raspberry_pi.pdf},
year = {2013},
month = {marco},
publisher={Linux Magazine},
urlaccessdate ={28-05-2015}
}

@book{richardson2012getting,
  title={Getting Started with Raspberry Pi},
  author={Richardson, M. and Wallace, S.},
  isbn={9781449344214},
  lccn={2012540962},
  series={Make: projects},
  year={2012},
  publisher={O'Reilly Media, Incorporated}
}

@online{AplicacaoRaspberry,
author = {Megan Treacy},
title = {20 Awesome Projects for Raspberry Pi Microcomputers},
url = {http://www.treehugger.com/slideshows/gadgets/20-awesome-projects-raspberry-pi-microcomputers/page/20/},
year = {2013},
month = {Fevereiro},
urlaccessdate ={28-05-2015}
}


@online{Filipelop,
organization = {Filipelop},
title = {EMBARCADOS},
url = {http://www.filipeflop.com/embarcados-ct-93348?pageNum=1&sortBy=1},
year = {2015},
urlaccessdate ={30-05-2015}
}


@online{Raspberrypiportugal,
organization = {Raspberry Pi portugal},
title = {RASPBERRY PI MODELO A},
url = {http://raspberrypiportugal.com/modelos/raspberry-pi-modelo-a/},
year = {2013},
month = {Abril},
urlaccessdate ={30-05-2015}
}

@online{otto,
author = {Dave Rauchwerk, Gustavo Huber, Thomas Deckert},
title = {Meet OTTO - The Hackable GIF Camera},
url = {https://www.kickstarter.com/projects/1598272670/meet-otto-the-hackable-gif-camera},
year = {2014},
month = {Maio},
urlaccessdate ={30-05-2015}
}

@online{mudra,
author = {Sanskriti Dawle, Aman Srivastav},
title = {Raspberry Pi-Based dispositivo Braille Aprendizagem: Projeto Mudra},
url = {http://technabob.com/blog/2014/04/27/raspberry-pi-braille-learning-device/},
year = {2014},
month = {Abril},
urlaccessdate ={30-05-2015}
}


@online{cameraPI,
author = {David Hunt},
title = {Câmara Pi - DSLR Camera com computador embutido},
url = {http://www.davidhunt.ie/raspberry-pi-in-a-dslr-camera/},
year = {2012},
month = {Agosto},
urlaccessdate ={30-05-2015}
}

@online{berryterminal,
author = {Floris Bos},
title = {BerryTerminal},
url = {http://www.berryterminal.com/doku.php},
year = {2014},
month = {Setembro},
urlaccessdate ={18-03-2015}
}


@online{lojawt,
organization = {loja wt},
title = {Thin Client Nc600},
url = {http://www.lojawt.com.br/informatica/thin-client-nc600.html},
year = {2015},
urlaccessdate ={18-04-2015}
}

@online{atera,
organization = {atera},
title = {Thin Client Encore ENTC-1000 p/ terminal Windows/Linux},
url = {http://www.atera.com.br/produto/ENTC-1000/},
year = {2015},
urlaccessdate ={18-04-2015}
}

@online{DELL,
organization = {DELL},
title = {Thin client Dell Wyse D10DP},
url = {http://www.dell.com/br/p/wyse-d10dp/pd},
year = {2015},
urlaccessdate ={18-04-2015}
}

@Unpublished{LTSP5,
author = {Thiago Carvalho Rodrigues Barbosa},
title = {LTSP5},
note = {Universidade Estadual de Goiás},
url = {http://arquivos.suporte.ueg.br/linux_ltsp.pdf},
year = {2006},
}

@online{ComoFuncionaThinClient,
organization = {thinclientbrasil},
title = {Como funciona o thin client?},
url = {http://www.thinclientbrasil.com/thin-client/como-funciona-thin-client.php},
year = {2015},
urlaccessdate ={18-07-2015}
}

@online{TopologiaClienteThin,
organization = {ibm},
title = {Visão Geral sobre a Topologia de Cliente Thin (Windows)},
url = {http://www-01.ibm.com/support/knowledgecenter/SSEPGG_9.5.0/com.ibm.db2.luw.qb.client.doc/doc/c0007236.html?lang=pt-br},
year = {2014},
urlaccessdate ={18-07-2015}
}

@Unpublished{EmailThinClient,
author = {thinclientbrasil},
title = {Apresentação TCBR soluções},
note = {Mensagem Pessoal},
key = {1},
month = {junho},
year = {2015},
annote = {vendas@thinclientbrasil.com}
}


@online{revistagalileu,
organization = {REDAÇÂO GALILEU},
title = {Raspberry Pi – o computador que custa 25 dólares},
url = {http://revistagalileu.globo.com/Revista/Common/0,,EMI330119-17770,00-RASPBERRY+PI+O+COMPUTADOR+QUE+CUSTA+DOLARES.html},
year = {2015},
urlaccessdate ={18-07-2015}
}


@online{multilogicashop,
organization = {multilogica},
title = {Raspberry Pi modelo B - 512 Mb (descontinuado)},
url = {https://multilogica-shop.com/raspberry-pi-modelo-b},
year = {2014},
urlaccessdate ={08-05-2015}
}

@TechReport{microsoft,
author = {Microsoft},
title = {Desktop Virtualization},
year = {2011},
OPTaddress = {http://download.microsoft.com/download/1/4/8/148AD06A-B4BD-4078-8AFA-68F829A83E23/WinTPC%20FAQ%20v2%200.pdf},
OPTmonth = {maio},

}


@online{apt_get,
organization = {Ubuntu},
title = {Package management with APT},
url = {https://help.ubuntu.com/community/AptGet/Howto},
year = {2014},
urlaccessdate ={07-10-2015}
}

@MastersThesis{bezerra,
author = {ARTUR LOPES BEZERRA},
title = {Thin Clients com LTSP – Linux Terminal Server Project Uma Alternativa de Sucesso em Ambientes Corporativos},
school = {FACULDADE LOURENÇO FILHO - FLF},
url={http://www.flf.edu.br/revista-flf/monografias-computacao/monografia_artur_\%20lopes.pdf},
year = {2009},
}


@online{vga,
author = {Luis Villa},
title = {TUTORIAL RASPBERRY PI – USO DE CONVERTIDORES HDMI-VGA},
url = {https://geekytheory.com/tutorial-raspberry-pi-uso-de-convertidores-hdmi-vga/},
year = {2013},
month = {Outubro},
urlaccessdate ={10-06-2015}
}


@online{implantacao1,
author = {Laudivan Freire de Almeida},
title = {MONTE SEU PRÓPRIO LTSP (LINUX TERMINAL SERVER PROJECT)},
url = {http://sejalivre.org/monte-seu-proprio-ltsp-linux-terminal-server-project/},
year = {2013},
month = {abril},
urlaccessdate ={28-07-2015}
}

@online{implantacao3,
author = {Hermes Nunes Pereira Junior},
title = {FUNCIONAMENTO DO LTSP E INSTALAÇÃO DO SERVIDOR},
url = {http://www.vivaolinux.com.br/artigo/Instalacao-e-configuracao-do-LTSP-5-no-Ubuntu-11.04},
year = {2011},
month = {setembro},
urlaccessdate ={27-07-2015}
}

@book{morimoto2005redes,
  title={Redes e servidores Linux: guia pr{\'a}tico},
  author={Morimoto, C.E.},
  isbn={9788520504048},
  year={2005},
  publisher={Sul Editores}
}

@online{implantacao4,
author = {Kadison Silva Xavier},
title = {Configurando a Rede e o Servidor DHCP - LTSP (Terminais Leves) - Parte 2},
url = {http://www.devmedia.com.br/configurando-a-rede-e-o-servidor-dhcp-ltsp-terminais-leves-parte-2/22052},
year = {2015},
urlaccessdate ={27-07-2015}
}

@online{implantacao5,
author = {Paulo Dias},
title = {Como montar um servidor LTSP no Ubuntu},
url = {http://www.prminformatica.com.br/2014/02/montar-servidor-ltsp-no-ubuntu.html},
year = {2014},
month = {fevereiro},
urlaccessdate ={27-07-2015}
}

@online{implantacao2,
author = {Harry Lavender},
title = {Como montar um servidor LTSP no Ubuntu},
url = {http://www.uzerp.com/blog/running-raspberry-pis-as-thin-clients-with-ubuntu-14-04-lts/},
year = {2014},
month = {setembro},
urlaccessdate ={27-07-2015}
}

@online{pxe,
  author = {Carlos Eduardo Morimoto},
  title = "PXE",
  month = "junho",
  year = "2005",
  url = {http://www.hardware.com.br/termos/pxe},
  urlaccessdate ={27-10-2015}
}

@online{nfs,
  author = {Danise Víctor Xavier},
  title = "Utilização e Operação do NFS",
  month = "maio",
  year = "1996",
  url = {http://www.di.ufpe.br/~flash/resultados/cursos/taais/1996-1/danise/paper3.html},
  urlaccessdate ={27-10-2015}
}

@online{nis,
  organization = {linux support},
  title = "Configuração do NIS",
  year = "2007",
  url = {http://www.linuxsupport.com.br/configuration/nis.html},
  urlaccessdate ={27-10-2015}
}

@online{ubuntu,
  author = {Jane Silber},
  title = "Q\&A: Canonical’s Jane Silber says upcoming Ubuntu Linux to be enterprise-ready",
  month = "abril",
  year = "2006",
  url = {http://www.computerworld.com/article/2554755/linux/q-a--canonical-s-jane-silber-says-upcoming-ubuntu-linux-to-be-enterprise-ready.html},
  urlaccessdate ={27-10-2015}
}

@online{dhcp,
  author = {Carlos Eduardo Morimoto},
  title = "DHCP",
  month = "junho",
  year = "2005",
  url = {http://www.hardware.com.br/termos/dhcp},
  urlaccessdate ={27-10-2015}
}

@online{arm,
  organization = {Robo Livre},
  title = "Arquitetura ARM",
  month = "agosto",
  year = "2011",
  url = {http://robolivre.org/uploads/documentos/arquiteturas-de-computadores/ARM-2011-08-08_1_1343264119.pdf},
  urlaccessdate ={27-10-2015}
}

@online{bios,
  author = {Carlos Eduardo Morimoto},
  title = "BIOS",
  month = "junho",
  year = "2005",
  url = {http://www.hardware.com.br/termos/bios},
  urlaccessdate ={27-10-2015}
}